@ARTICLE{PerryWolfe2012,
author = {Perry, Patrick O. and Wolfe, Patrick J.},
title = {Point process modelling for directed interaction networks},
journal = {Journal of the Royal Statistical Society: Series B (Statistical Methodology)},
volume = {75},
number = {5},
issn = {1467-9868},
url = {http://dx.doi.org/10.1111/rssb.12013},
doi = {10.1111/rssb.12013},
pages = {821--849},
keywords = {Cox proportional hazards model, Network data analysis, Partial likelihood inference, Point processes},
year = {2013},
}
@phdthesis{wallach2008structured,
	title={Structured topic models for language},
	author={Wallach, Hanna Megan},
	year={2008},
	school={University of Cambridge}
}
@inproceedings{zhou2015infinite,
	title={Infinite Edge Partition Models for Overlapping Community Detection and Link Prediction.},
	author={Zhou, Mingyuan},
	booktitle={AISTATS},
	year={2015}
}

@article{snijders2017stochastic,
	title={Stochastic actor-oriented models for network dynamics},
	author={Snijders, Tom AB},
	journal={Annual Review of Statistics and Its Application},
	number={0},
	year={2017},
	publisher={Annual Reviews 4139 El Camino Way, PO Box 10139, Palo Alto, California 94303-0139, USA}
}
@incollection{meilua2003comparing,
	title={Comparing clusterings by the variation of information},
	author={Meil{\u{a}}, Marina},
	booktitle={Learning theory and kernel machines},
	pages={173--187},
	year={2003},
	publisher={Springer}
}

@book{brooks2011handbook,
	title={Handbook of Markov Chain Monte Carlo},
	author={Brooks, Steve and Gelman, Andrew and Jones, Galin and Meng, Xiao-Li},
	year={2011},
	publisher={CRC press}
}
@Article{igraph,
	title = {The igraph software package for complex network research},
	author = {Gabor Csardi and Tamas Nepusz},
	journal = {InterJournal},
	volume = {Complex Systems},
	pages = {1695},
	year = {2006},
	url = {http://igraph.org},
}

@Article{Rcpp1,
	title = {{Rcpp}: Seamless {R} and {C++} Integration},
	author = {Dirk Eddelbuettel and Romain Fran\c{c}ois},
	journal = {Journal of Statistical Software},
	year = {2011},
	volume = {40},
	number = {8},
	pages = {1--18},
	url = {http://www.jstatsoft.org/v40/i08/},
}

@Book{Rcpp2,
	title = {Seamless {R} and {C++} Integration with {Rcpp}},
	author = {Dirk Eddelbuettel},
	publisher = {Springer},
	address = {New York},
	year = {2013},
	note = {ISBN 978-1-4614-6867-7},
}
@Article{MCMCpack,
title = {{MCMCpack}: Markov Chain Monte Carlo in {R}},
author = {Andrew D. Martin and Kevin M. Quinn and Jong Hee Park},
journal = {Journal of Statistical Software},
year = {2011},
volume = {42},
number = {9},
pages = {22},
url = {http://www.jstatsoft.org/v42/i09/},
}
@book{borg2005modern,
	title={Modern multidimensional scaling: Theory and applications},
	author={Borg, Ingwer and Groenen, Patrick JF},
	year={2005},
	publisher={Springer Science \& Business Media}
}
@article{yao2013simple,
	title={A simple solution to Bayesian mixture labeling},
	author={Yao, Weixin},
	journal={Communications in Statistics-Simulation and Computation},
	volume={42},
	number={4},
	pages={800--813},
	year={2013},
	publisher={Taylor \& Francis}
}
@article{sarkar2005dynamic,
	title={Dynamic social network analysis using latent space models},
	author={Sarkar, Purnamrita and Moore, Andrew W},
	journal={ACM SIGKDD Explorations Newsletter},
	volume={7},
	number={2},
	pages={31--40},
	year={2005},
	publisher={ACM}
}
@article{ward2013gravity,
	title={Gravityâ€™s rainbow: A dynamic latent space model for the world trade network},
	author={Ward, Michael D and Ahlquist, John S and Rozenas, Arturas and others},
	journal={Network Science},
	volume={1},
	number={01},
	pages={95--118},
	year={2013},
	publisher={Cambridge University Press}
}
@manuscript{Morgan2014,
	title={The Latent Path Model for Dynamic Networks},
	author={Morgan, Jason},
	year={2014}
}
@manuscript{Denny2014,
	title={Topic-Conditioned Hierarchical Latent Space Models for Text-Valued Networks},
	author={Denny, Matthew J and Aaron, James ben-Aaron and Wallach, Hanna and Desmarais  Bruce A. },
	year={2014}
}
@inproceedings{rosen2004author,
	title={The author-topic model for authors and documents},
	author={Rosen-Zvi, Michal and Griffiths, Thomas and Steyvers, Mark and Smyth, Padhraic},
	booktitle={Proceedings of the 20th conference on Uncertainty in artificial intelligence},
	pages={487--494},
	year={2004},
	organization={AUAI Press}
}
@article{mccallum2005topic,
	title={Topic and role discovery in social networks},
	author={McCallum, Andrew and Corrada-Emmanuel, Andres and Wang, Xuerui},
	year={2005}
}
@inproceedings{wang2006topics,
	title={Topics over time: a non-Markov continuous-time model of topical trends},
	author={Wang, Xuerui and McCallum, Andrew},
	booktitle={Proceedings of the 12th ACM SIGKDD international conference on Knowledge discovery and data mining},
	pages={424--433},
	year={2006},
	organization={ACM}
}
@article{mimno2008gibbs,
	title={Gibbs sampling for logistic normal topic models with graph-based priors},
	author={Mimno, David and Wallach, Hanna M and McCallum, Andrew},
	year={2008}
}
@inproceedings{blundell2012modelling,
	title={Modelling reciprocating relationships with Hawkes processes},
	author={Blundell, Charles and Beck, Jeff and Heller, Katherine A},
	booktitle={Advances in Neural Information Processing Systems},
	pages={2600--2608},
	year={2012}
}
@inproceedings{blei2006dynamic,
	title={Dynamic topic models},
	author={Blei, David M and Lafferty, John D},
	booktitle={Proceedings of the 23rd international conference on Machine learning},
	pages={113--120},
	year={2006},
	organization={ACM}
}

@article {Butts2008,
author = {Butts, Carter T.},
title = {A RELATIONAL EVENT FRAMEWORK FOR SOCIAL ACTION},
journal = {Sociological Methodology},
volume = {38},
number = {1},
publisher = {Blackwell Publishing Inc},
issn = {1467-9531},
url = {http://dx.doi.org/10.1111/j.1467-9531.2008.00203.x},
doi = {10.1111/j.1467-9531.2008.00203.x},
pages = {155--200},
year = {2008},
}

@incollection{Krafft2012,
title = {Topic-Partitioned Multinetwork Embeddings},
author = {Peter Krafft and Juston Moore and Bruce Desmarais and Hanna M. Wallach},
booktitle = {Advances in Neural Information Processing Systems 25},
editor = {F. Pereira and C.J.C. Burges and L. Bottou and K.Q. Weinberger},
pages = {2807--2815},
year = {2012},
publisher = {Curran Associates, Inc.},
url = {http://papers.nips.cc/paper/4659-topic-partitioned-multinetwork-embeddings.pdf}
}

@article{Blei2003,
 author = {Blei, David M. and Ng, Andrew Y. and Jordan, Michael I.},
 title = {Latent Dirichlet Allocation},
 journal = {J. Mach. Learn. Res.},
 issue_date = {3/1/2003},
 volume = {3},
 month = mar,
 year = {2003},
 issn = {1532-4435},
 pages = {993--1022},
 numpages = {30},
 url = {http://dl.acm.org/citation.cfm?id=944919.944937},
 acmid = {944937},
 publisher = {JMLR.org},
} 

@article{hoff2002,
	title = {Latent Space Approaches to Social Network Analysis},
	volume = {97},
	issn = {0162-1459},
	url = {http://www.tandfonline.com/doi/abs/10.1198/016214502388618906},
	doi = {10.1198/016214502388618906},
	abstract = {Network models are widely used to represent relational information among interacting units. In studies of social networks, recent emphasis has been placed on random graph models where the nodes usually represent individual social actors and the edges represent the presence of a specified relation between actors. We develop a class of models where the probability of a relation between actors depends on the positions of individuals in an unobserved ?social space.? We make inference for the social space within maximum likelihood and Bayesian frameworks, and propose Markov chain Monte Carlo procedures for making inference on latent positions and the effects of observed covariates. We present analyses of three standard datasets from the social networks literature, and compare the method to an alternative stochastic blockmodeling approach. In addition to improving on model fit for these datasets, our method provides a visual and interpretable model-based spatial representation of social relationships and improves on existing methods by allowing the statistical uncertainty in the social space to be quantified and graphically represented.},
	number = {460},
	urldate = {2014-01-25},
	journal = {Journal of the American Statistical Association},
	author = {Hoff, Peter D and Raftery, Adrian E and Handcock, Mark S},
	year = {2002},
	pages = {1090--1098},
	file = {Full Text PDF:/Users/kjoseph/Library/Application Support/Zotero/Profiles/kwg8w1t9.default/zotero/storage/3ERE622H/Hoff et al. - 2002 - Latent Space Approaches to Social Network Analysis.pdf:application/pdf;Snapshot:/Users/kjoseph/Library/Application Support/Zotero/Profiles/kwg8w1t9.default/zotero/storage/SP2TEVQS/016214502388618906.html:text/html}
},

@incollection{Vu2011,
title = {Continuous-Time Regression Models for Longitudinal Networks},
author = {Duy Q. Vu and David Hunter and Padhraic Smyth and Arthur U. Asuncion},
booktitle = {Advances in Neural Information Processing Systems 24},
editor = {J. Shawe-Taylor and R.S. Zemel and P.L. Bartlett and F. Pereira and K.Q. Weinberger},
pages = {2492--2500},
year = {2011},
publisher = {Curran Associates, Inc.},
url = {http://papers.nips.cc/paper/4436-continuous-time-regression-models-for-longitudinal-networks.pdf}
}

@MISC{Handcock2007,
    author = {Mark S. Handcock and Adrian E. Raftery and Jeremy M. Tantrum},
    title = { Model-based clustering for social networks },
    year = {2007}
}

@article{raftery1996,
	title={Implementing mcmc},
	author={Raftery, Adrian E and Lewis, Steven M},
	journal={Markov chain Monte Carlo in practice},
	pages={115--130},
	year={1996}
}

@article{guimera2006real,
	title={The real communication network behind the formal chart: Community structure in organizations},
	author={Guimera, R and Danon, L and Diaz-Guilera, A and Giralt, F and Arenas, A},
	journal={Journal of Economic Behavior \& Organization},
	volume={61},
	number={4},
	pages={653--667},
	year={2006},
	publisher={Elsevier}
}


@article{tyler2005mail,
	title={E-mail as spectroscopy: Automated discovery of community structure within organizations},
	author={Tyler, Joshua R and Wilkinson, Dennis M and Huberman, Bernardo A},
	journal={The Information Society},
	volume={21},
	number={2},
	pages={143--153},
	year={2005},
	publisher={Taylor \& Francis}
}

@article{newman2002email,
	title={Email networks and the spread of computer viruses},
	author={Newman, Mark EJ and Forrest, Stephanie and Balthrop, Justin},
	journal={Physical Review E},
	volume={66},
	number={3},
	pages={035101},
	year={2002},
	publisher={APS}
}

@inproceedings{hutton2012crowdsourcing,
	title={Crowdsourcing Evaluations of Classifier Interpretability.},
	author={Hutton, Amanda and Liu, Alexander and Martin, Cheryl E},
	booktitle={AAAI Spring Symposium: Wisdom of the Crowd},
	year={2012}
}

@inproceedings{diesner2005exploration,
	title={Exploration of communication networks from the enron email corpus},
	author={Diesner, Jana and Carley, Kathleen M},
	booktitle={SIAM International Conference on Data Mining: Workshop on Link Analysis, Counterterrorism and Security, Newport Beach, CA},
	year={2005},
	organization={Citeseer}
}

@incollection{cox1992regression,
	title={Regression models and life-tables},
	author={Cox, David R},
	booktitle={Breakthroughs in statistics},
	pages={527--541},
	year={1992},
	publisher={Springer}
}

@incollection{gormley2007latent,
	title={A latent space model for rank data},
	author={Gormley, Isobel Claire and Murphy, Thomas Brendan},
	booktitle={Statistical Network Analysis: Models, Issues, and New Directions},
	pages={90--102},
	year={2007},
	publisher={Springer}
}

@article{hawkes1971spectra,
	title={Spectra of some self-exciting and mutually exciting point processes},
	author={Hawkes, Alan G},
	journal={Biometrika},
	volume={58},
	number={1},
	pages={83--90},
	year={1971},
	publisher={Biometrika Trust}
}

@book{zocher2006multivariate,
	title={Multivariate counting processes},
	author={Zocher, Mathias},
	year={2006},
	publisher={Techn. Univ., Inst. f{\"u}r Mathematische Stochastik}
}

@inproceedings{wallach2009rethinking,
	title={Rethinking LDA: Why priors matter},
	author={Wallach, Hanna M and Mimno, David M and McCallum, Andrew},
	booktitle={Advances in neural information processing systems},
	pages={1973--1981},
	year={2009}
}
@misc{minka2000estimating,
	title={Estimating a Dirichlet distribution},
	author={Minka, Thomas},
	year={2000},
	publisher={Technical report, MIT}
}
@article{jasra2005markov,
	title={Markov chain Monte Carlo methods and the label switching problem in Bayesian mixture modeling},
	author={Jasra, Ajay and Holmes, CC and Stephens, DA},
	journal={Statistical Science},
	pages={50--67},
	year={2005},
	publisher={JSTOR}
}
@article{snijders1996stochastic,
	title={Stochastic actor-oriented models for network change},
	author={Snijders, Tom AB},
	journal={Journal of mathematical sociology},
	volume={21},
	number={1-2},
	pages={149--172},
	year={1996},
	publisher={Taylor \& Francis}
}
